vim: spell spelllang=fr: nospell: tw=0: ai: sw=2: ts=20: sts=2: lbr: et: list
@article{waterman2014risc,
   title        = {The {RISC-V} instruction set manual, volume {I}: User-level {ISA}, Version~2.0},
   author       = {Waterman, Andrew and Lee, Yunsup and Patterson, David A. and Asanović, Krste},
   journal      = {EECS Department, UC Berkeley, Tech. Rep. UCB/EECS-2014-54, Updated},
   pages        = {244},
   year         = {2021}
}

@inproceedings{razlighi2017looknn,
   title         = {{LookNN}: Neural Network with No Multiplication},
   author        = {Mohammad Samragh Razlighi and Mohsen Imani and Farinaz Koushanfar and Tajana Rosing},
   booktitle     = {Proceedings of the 2017 IEEE/ACM Conference on Design, Automation and Test in Europe},
   pages         = {1775--1780},
   year          = {2017},
}

@article{mack2011fifty,
   title        = {Fifty years of Moore's law},
   author       = {Mack, Chris A},
   journal      = {IEEE Transactions on semiconductor manufacturing},
   volume       = {24},
   number       = {2},
   pages        = {202--207},
   year         = {2011},
}

@inproceedings{portas2022fast,
   title        = "Fast simulation of future 128-bit architectures",
   booktitle    = {IEEE/ACM Conference on Design, Automation and Test in Europe},
   author       = "Portas, Fabien and Pétrot, Frédéric",
   year         = "2022",
   pages        = "71--74"
}

@incollection{lattner2011,
   title        = "LLVM",
   author       = "Lattner Chris",
   chapter      = "11",
   booktitle    = {The Architecture of Open Source Applications},
   editor       = "Brown Amy and Wilson Greg",
   year         = "2011",
   pages        = "151--166"
}

@inproceedings{lattner2005,
  title         = "Transparent pointer compression for linked data structures",
  author        = "Lattner, Chris and Adve, Vikram S",
  booktitle     = "Proceedings of the 2005 workshop on Memory system performance",
  pages         = "24--35",
  year          = "2005"
}

@misc{ansiC17,
   title        = "ISO/IEC 9899:2018 Information technology — Programming languages — C",
   author       = "Lattner Chris",
   year         = "2011"
}

@misc{collins1996paging,
   title        = {The Secrets of System Management Mode},
   author       = {Robert R. Collins},
   howpublished = {Dr. Dobb's journal Undocumented Corner},
   month        = {July},
   year         = {1996},
   note         = {\url{http://www.rcollins.org/ddj/Jul96/Jul96.html}}
}

@inproceedings{magee2009case,
  title         = {A case for compiler-driven superpage allocation},
  author        = {Magee, Joshua and Qasem, Apan},
  booktitle     = {Proceedings of the 47th Annual Southeast Regional Conference},
  pages         = {1--4},
  year          = {2009}
}

